@INPROCEEDINGS{oatley-et-al-soccogcomp2015,
  author =       {Giles Oatley and Tom Crick and Mohamed Mostafa},
  title =        {{Digital Footprints: Envisaging and Analysing Online Behaviour}},
  booktitle =    {{Proceedings of 2015 Symposium on Social Aspects of Cognition and Computing Symposium (SSAISB)}},
  year =         {2015}
}

@InCollection{mostafa-et-al-ai2016,
  author = 	 {Mohammed Mostafa and Tom Crick and Ana C. Calderon and Giles Oatley},
  title = 	 {{Incorporating Emotion and Personality-Based Analysis in User-Centered Modelling}},
  booktitle = 	 {{Research and Development in Intelligent Systems XXXIII}},
  publisher =    {Springer},
  year = 	 {2016},
  pages =        {383-389}
}

@InCollection{albishry-et-al:iccci2017,
  author =       {Nabeel Albishry and Tom Crick and Theo Tryfonas},
  title =        {{``{\emph{Come Together!}}'': Interactions of Language Networks and Multilingual Communities on Twitter}},
  booktitle = 	 {{Computational Collective Intelligence}},
  publisher =    {Springer},
  year = 	 {2017},
  volume = 	 {10449},
  series = 	 {{Lecture Notes in Computer Science}}
}